@misc{lowRankFunctions,
      title={Randomized Algorithms for Computation of Tucker decomposition and Higher Order SVD (HOSVD)},
      author={Salman Ahmadi-Asl and Andrzej Cichocki and Anh Huy Phan and Ivan Oseledets and Stanislav Abukhovich and Toshihisa Tanaka},
      year={2020},
      archivePrefix={arXiv},
      primaryClass={math.NA},
      url = {https://arxiv.org/abs/2001.07124},
}

@article{tt,
author = {Oseledets, I. V.},
title = {Tensor-Train Decomposition},
journal = {SIAM Journal on Scientific Computing},
volume = {33},
number = {5},
pages = {2295-2317},
year = {2011},
doi = {10.1137/090752286},
URL = {https://doi.org/10.1137/090752286},
}

@article{lowRankFunction-BM-2005,
author = {Beylkin, Gregory and Mohlenkamp, Martin J.},
title = {Algorithms for Numerical Analysis in High Dimensions},
journal = {SIAM Journal on Scientific Computing},
volume = {26},
number = {6},
pages = {2133-2159},
year = {2005},
doi = {10.1137/040604959},
URL = {https://doi.org/10.1137/040604959},
}

@article {lowRankFunction-HKT-2005,
      author = "W. Hackbusch and B. N. Khoromskij and E. E. Tyrtyshnikov",
      title = "Hierarchical Kronecker tensor-product approximations",
      journal = "Journal of Numerical Mathematics",
      year = "01 Jun. 2005",
      publisher = "De Gruyter",
      address = "Berlin, Boston",
      volume = "13",
      number = "2",
      doi = "https://doi.org/10.1515/1569395054012767",
      pages=      "119 - 156",
      url = "https://doi.org/10.1515/1569395054012767",
}
@misc {tensormethod-dd1,
	Title = {Novel Method for Detection of Genes With Altered Expression Caused by Coronavirus Infection and Screening of Candidate Drugs for SARS-CoV-2},
	Author = {Taguchi, Y-H. and Turki, Turki},
	DOI = {10.20944/preprints202004.0431.v1},
	Publisher = {Preprints.org},
	Year = {2020},
	URL = {https://doi.org/10.20944/preprints202004.0431.v1},
}
@article{tensormethod-dd2,
    author = {Taguchi, Y-h. AND Turki, Turki},
    journal = {PLOS ONE},
    publisher = {Public Library of Science},
    title = {A new advanced in silico drug discovery method for novel coronavirus (SARS-CoV-2) with tensor decomposition-based unsupervised feature extraction},
    year = {2020},
    month = {09},
    volume = {15},
    url = {https://doi.org/10.1371/journal.pone.0238907},
    pages = {1-16},
    number = {9},
    doi = {10.1371/journal.pone.0238907}
}
@misc{lin2019lowrank,
      title={Low-rank representation of tensor network operators with long-range pairwise interactions},
      author={Lin Lin and Yu Tong},
      year={2019},
      eprint={1909.02206},
      archivePrefix={arXiv},
      primaryClass={physics.comp-ph}
}



@Misc{Kowalski2014,
  author=  "Karol Kowalski",
  url = "https://www.int.washington.edu/talks/WorkShops/int_17_66W/People/Kowalski_K/Kowalski.pdf",
  note =         "",
  year=   "2014",
  title =        "New Computational Tools for Many-Body Theories",
}

@article{tensor-basics,
author = {Kolda, Tamara G. and Bader, Brett W.},
title = {Tensor Decompositions and Applications},
journal = {SIAM Review},
volume = {51},
number = {3},
pages = {455-500},
year = {2009},
doi = {10.1137/07070111X},
URL = {https://doi.org/10.1137/07070111X},
}
@Misc{yelick2016,
  author=  "Kathy Yelick",
  url = "https://people.eecs.berkeley.edu/~yelick/talks/exascale/Communication-Yelick-China16.pdf",
  note =         "",
  year=   "2016",
  title =        " Avoiding, Hiding and Managing Communication at the Exasacle",
}

@Misc{ballard2019,
  author=  "Grey Ballard",
  url = "http://users.wfu.edu/ballard/pdfs/PACO19.pdf",
  note = "",
  year=   "2019",
  title = "Parallel Algorithms for CP, Tucker,and Tensor Train Decompositions",
}



@article{qr-lu-2012,
author = {Demmel, James and Grigori, Laura and Hoemmen, Mark and Langou, Julien},
title = {Communication-optimal Parallel and Sequential QR and LU Factorizations},
journal = {SIAM Journal on Scientific Computing},
volume = {34},
number = {1},
pages = {A206-A239},
year = {2012},
doi = {10.1137/080731992},
URL = {https://doi.org/10.1137/080731992},
}

@article{Ballard-mcnla-2011,
author = {Ballard, Grey and Demmel, James and Holtz, Olga and Schwartz, Oded},
title = {Minimizing Communication in Numerical Linear Algebra},
journal = {SIAM Journal on Matrix Analysis and Applications},
volume = {32},
number = {3},
pages = {866-901},
year = {2011},
doi = {10.1137/090769156},
URL = {https://doi.org/10.1137/090769156},
}
@article{hitchcock-1927,
author = {Hitchcock, Frank L.},
title = {The Expression of a Tensor or a Polyadic as a Sum of Products},
journal = {Journal of Mathematics and Physics},
volume = {6},
number = {1-4},
pages = {164-189},
doi = {10.1002/sapm192761164},
url = {https://doi.org/10.1002/sapm192761164},
year = {1927}
}

@ARTICLE{redisover-candlecom-1,
title = {Analysis of individual differences in multidimensional scaling via an n-way generalization of “Eckart-Young” decomposition},
author = {Carroll, J. and Chang, Jih-Jie},
year = {1970},
journal = {Psychometrika},
volume = {35},
number = {3},
pages = {283-319},
url = {https://doi.org/10.1007/BF02310791},
}

@article{redisover-candlecom-2,
  added-at = {2006-10-25T17:45:20.000+0200},
  author = {Harshman, R. A.},
  biburl = {https://www.bibsonomy.org/bibtex/2dd8676b8e86303588afc8f64cf1b1524/threemode},
  description = {papers on three-mode analysis},
  interhash = {e7d48fbfa010c77e5c01277c1a48070e},
  intrahash = {dd8676b8e86303588afc8f64cf1b1524},
  journal = {UCLA Working Papers in Phonetics},
  keywords = {data mode threemode three analysis},
  pages = {1--84},
  timestamp = {2006-10-25T17:45:20.000+0200},
  title = {{F}oundations of the {P}{A}{R}{A}{F}{A}{C} procedure: {M}odels and conditions for an "explanatory" multi-modal factor analysis},
  volume = 16,
  year = 1970
}
@article{canonical-rank-npcomplete,
title = "Tensor rank is NP-complete",
journal = "Journal of Algorithms",
volume = "11",
number = "4",
pages = "644 - 654",
year = "1990",
issn = "0196-6774",
doi = "https://doi.org/10.1016/0196-6774(90)90014-6",
url = "https://doi.org/10.1016/0196-6774(90)90014-6",
author = "Johan Håstad",
}


@article{tensor-rank-best-low-rank-approximation,
author = {de Silva, Vin and Lim, Lek-Heng},
title = {Tensor Rank and the Ill-Posedness of the Best Low-Rank Approximation Problem},
journal = {SIAM Journal on Matrix Analysis and Applications},
volume = {30},
number = {3},
pages = {1084-1127},
year = {2008},
doi = {10.1137/06066518X},
URL = {https://doi.org/10.1137/06066518X},
}

@ARTICLE{tucker-decomposition,
title = {Some mathematical notes on three-mode factor analysis},
author = {Tucker, Ledyard},
year = {1966},
journal = {Psychometrika},
volume = {31},
number = {3},
pages = {279-311},
url = {https://doi.org/10.1007/BF02289464},
}

@article{hosvd-quasi-optimality,
author = {De Lathauwer, Lieven and De Moor, Bart and Vandewalle, Joos},
title = {On the Best Rank-1 and Rank-(R1 ,R2 ,. . .,RN) Approximation of Higher-Order Tensors},
journal = {SIAM Journal on Matrix Analysis and Applications},
volume = {21},
number = {4},
pages = {1324-1342},
year = {2000},
doi = {10.1137/S0895479898346995},
URL = {https://doi.org/10.1137/S0895479898346995},
}
@article{strassen-matrix-multiplication,
 author = {Landsberg, J.},
 doi = {10.1090/s0894-0347-05-00506-0},
 journal = {Journal of the American Mathematical Society},
 keywords = {},
 number = {2},
 pages = {447-459},
 title = {The border rank of the multiplication of 2X2 matrices is seven},
 url = {https://doi.org/10.1090/s0894-0347-05-00506-0},
 volume = {19},
 year = {2005}
}

@INPROCEEDINGS{candecomp-sparse,
  author={T. G. {Kolda} and B. W. {Bader} and J. P. {Kenny}},
  booktitle={Fifth IEEE International Conference on Data Mining (ICDM'05)},
  title={Higher-order Web link analysis using multilinear algebra},
  year={2005},
  url={https://doi.org/10.1109/ICDM.2005.77},
  volume={},
  number={},
  pages={8 pp.-},
}

@misc{larsen2020practical,
      title={Practical Leverage-Based Sampling for Low-Rank Tensor Decomposition},
      author={Brett W. Larsen and Tamara G. Kolda},
      year={2020},
      eprint={2006.16438},
      archivePrefix={arXiv},
      primaryClass={math.NA},
      url = {https://arxiv.org/abs/2006.16438},
}


@INPROCEEDINGS{mttkrp-lowerbound,
  author={G. {Ballard} and N. {Knight} and K. {Rouse}},
  booktitle={2018 IEEE International Parallel and Distributed Processing Symposium (IPDPS)}, 
  title={Communication Lower Bounds for Matricized Tensor Times Khatri-Rao Product}, 
  year={2018},
  url={https://doi.org/10.1109/IPDPS.2018.00065},
  volume={},
  number={},
  pages={557-567},
}

@INPROCEEDINGS{Kaya-SC-15,
  author={O. {Kaya} and B. {Uçar}},
  booktitle={SC '15: Proceedings of the International Conference for High Performance Computing, Networking, Storage and Analysis},
  title={Scalable sparse tensor decompositions in distributed memory systems},
  year={2015},
  url={https://doi.org/10.1145/2807591.2807624},
  volume={},
  number={},
  pages={1-11},
}
@INPROCEEDINGS{mttkrp-gpu,  
    author={I. {Nisa} and J. {Li} and A. {Sukumaran-Rajam} and R. {Vuduc} and P. {Sadayappan}},  
    booktitle={2019 IEEE International Parallel and Distributed Processing Symposium (IPDPS)},   
    title={Load-Balanced Sparse MTTKRP on GPUs},   
    year={2019},  
    doi={10.1109/IPDPS.2019.00023},
    url={https://doi.org/10.1109/IPDPS.2019.00023},
    volume={},  
    number={},  
    pages={123-133},
}

@INPROCEEDINGS{hicoo,  
    author={J. {Li} and J. {Sun} and R. {Vuduc}},  
    booktitle={SC18: International Conference for High Performance Computing, Networking, Storage and Analysis},   
    title={HiCOO: Hierarchical Storage of Sparse Tensors},   
    url={https://doi.org/10.1109/SC.2018.00022},
    year={2018},  
    volume={},  
    number={},  
    pages={238-252},
}

@misc{ma2020accelerating,
      title={Accelerating Alternating Least Squares for Tensor Decomposition by Pairwise Perturbation},
      author={Linjian Ma and Edgar Solomonik},
      year={2020},
      archivePrefix={arXiv},
      primaryClass={math.NA},
      url = {https://arxiv.org/abs/1811.10573},
}

@misc{singh2020comparison,
      title={Comparison of Accuracy and Scalability of Gauss-Newton and Alternating Least Squares for CP Decomposition},
      author={Navjot Singh and Linjian Ma and Hongru Yang and Edgar Solomonik},
      year={2020},
      archivePrefix={arXiv},
      primaryClass={math.NA},
      url = {https://arxiv.org/abs/1910.12331},
}

@article{h-tucker-Grasedyck,
author = {Grasedyck, Lars},
title = {Hierarchical Singular Value Decomposition of Tensors},
journal = {SIAM Journal on Matrix Analysis and Applications},
volume = {31},
number = {4},
pages = {2029-2054},
year = {2010},
doi = {10.1137/090764189},
URL = {https://doi.org/10.1137/090764189},
}

@article{h-tucker-Hackbusch_2009,
	doi = {10.1007/s00041-009-9094-9},
	url = {https://doi.org/10.1007/s00041-009-9094-9},
	year = 2009,
	month = {oct},
	publisher = {Springer Science and Business Media {LLC}},
	volume = {15},
	number = {5},
	pages = {706--722},
	author = {W. Hackbusch and S. Kühn},
	title = {A New Scheme for the Tensor Representation},
	journal = {Journal of Fourier Analysis and Applications}
}


@unpublished{beaupere-tournamentpivoting,
  TITLE = {{Communication avoiding low rank approximation based on QR with tournament pivoting}},
  AUTHOR = {Beaup{\`e}re, Matthias and Grigori, Laura},
  URL = {https://hal.inria.fr/hal-02947991},
  NOTE = {working paper or preprint},
  YEAR = {2020},
  MONTH = Sep,
  KEYWORDS = {Subset selection ; Low rank approximation ; QR decomposition ; Communication avoiding algorithm},
  PDF = {https://hal.inria.fr/hal-02947991/file/qr_with_tournament_pivoting.pdf},
  HAL_ID = {hal-02947991},
  HAL_VERSION = {v1},
}

@TechReport{demmel19:_improv_analy_and_unified_persp,
  author =       {J. Demmel and L. Grigori and A. Rusciano},
  title =        {An improved analysis and unified perspective on deterministic and randomized low
  rank matrix approximations},
  institution =  {Inria},
  year =         2019,
  url =         {https://arxiv.org/abs/1910.00223}
  }

@article{mpsformat,
author = "Fannes, M. and Nachtergaele, B. and Werner, R. F.",
fjournal = "Communications in Mathematical Physics",
journal = "Comm. Math. Phys.",
number = "3",
pages = "443--490",
publisher = "Springer",
title = "Finitely correlated states on quantum spin chains",
url = "https://doi.org/10.1007/BF02099178",
volume = "144",
year = "1992"
}
@article{carrqr-2015,
author = {Demmel, James W. and Grigori, Laura and Gu, Ming and Xiang, Hua},
title = {Communication Avoiding Rank Revealing QR Factorization with Column Pivoting},
journal = {SIAM Journal on Matrix Analysis and Applications},
volume = {36},
number = {1},
pages = {55-89},
year = {2015},
doi = {10.1137/13092157X},
URL = {https://doi.org/10.1137/13092157X},
}
