@article{tt,
author = {Oseledets, I. V.},
title = {Tensor-Train Decomposition},
journal = {SIAM Journal on Scientific Computing},
volume = {33},
number = {5},
pages = {2295-2317},
year = {2011},
doi = {10.1137/090752286},
}
